<record><leader>00000cas a22000007a 4500</leader><controlfield tag="001">33191421</controlfield><controlfield tag="008">950922d187u1874inuwr ne      0    0eng d</controlfield><datafield ind1=" " ind2=" " tag="010"><subfield code="a">sn 95068656 </subfield></datafield><datafield ind1=" " ind2=" " tag="040"><subfield code="a">MGN</subfield><subfield code="b">eng</subfield><subfield code="c">MGN</subfield><subfield code="d">OCLCQ</subfield></datafield><datafield ind1=" " ind2=" " tag="042"><subfield code="a">msc</subfield></datafield><datafield ind1="0" ind2="4" tag="245"><subfield code="a">The Edinburg watchman.</subfield></datafield><datafield ind1=" " ind2=" " tag="260"><subfield code="a">Edinburg [Edinburgh], Ind. :</subfield><subfield code="b">A.M. Ernsberger</subfield></datafield><datafield ind1=" " ind2=" " tag="300"><subfield code="a">v.</subfield></datafield><datafield ind1=" " ind2=" " tag="310"><subfield code="a">Weekly</subfield></datafield><datafield ind1="1" ind2=" " tag="362"><subfield code="a">Ceased in 1874?</subfield></datafield><datafield ind1=" " ind2=" " tag="588"><subfield code="a">Description based on: Vol. 7, whole no. 326 (Aug. 6, 1874).</subfield></datafield><datafield ind1=" " ind2=" " tag="752"><subfield code="a">United States</subfield><subfield code="b">Indiana</subfield><subfield code="c">Johnson</subfield><subfield code="d">Edinburgh.</subfield></datafield><datafield ind1="0" ind2="0" tag="780"><subfield code="t">Watchman (Edinburgh, Ind.)</subfield><subfield code="w">(DLC)sn 84027340</subfield></datafield><datafield ind1="1" ind2=" " tag="029"><subfield code="a">AU@</subfield><subfield code="b">000026088971</subfield></datafield></record>